

@article{MultiPerspective,
  author    = {Felix Mannhardt and
               Massimiliano de Leoni and
               Hajo A. Reijers and
               Wil M. P. van der Aalst},
  title     = {Balanced multi-perspective checking of process conformance},
  journal   = {Computing},
  volume    = {98},
  number    = {4},
  pages     = {407--437},
  year      = {2016}
}



@article{Borrego014,
	author    = {Diana Borrego and
	Irene Barba},
	title     = {Conformance checking and diagnosis for declarative business process
	models in data-aware scenarios},
	journal   = {Expert Syst. Appl.},
	volume    = {41},
	number    = {11},
	pages     = {5340--5352},
	year      = {2014}
}




@inproceedings{LeoniMA12,
	author    = {Massimiliano de Leoni and
	Fabrizio Maria Maggi and
	Wil M. P. van der Aalst},
	title     = {Aligning Event Logs and Declarative Process Models for Conformance
	Checking},
	booktitle = {Business Process Management - 10th International Conference, {BPM}
	2012, Tallinn, Estonia, September 3-6, 2012. Proceedings},
	series    = {Lecture Notes in Computer Science},
	volume    = {7481},
	pages     = {82--97},
	publisher = {Springer},
	year      = {2012}
}



@inproceedings{XuLZ17a,
	author    = {Giuseppe De Giacomo and
	Fabrizio Maria Maggi and
	Andrea Marrella and
	Fabio Patrizi},
	title     = {On the Disruptive Effectiveness of Automated Planning for LTL\emph{f}-Based
	Trace Alignment},
	booktitle = {Proceedings of the Thirty-First {AAAI} Conference on Artificial Intelligence,
	February 4-9, 2017, San Francisco, California, {USA}},
	pages     = {3555--3561},
	publisher = {{AAAI} Press},
	year      = {2017}
}



@inproceedings{Westergaard11,
	author    = {Michael Westergaard},
	title     = {Better Algorithms for Analyzing and Enacting Declarative Workflow
	Languages Using {LTL}},
	booktitle = {Business Process Management - 9th International Conference, {BPM}
	2011, Clermont-Ferrand, France, August 30 - September 2, 2011. Proceedings},
	series    = {Lecture Notes in Computer Science},
	volume    = {6896},
	pages     = {83--98},
	publisher = {Springer},
	year      = {2011},
}



@article{LiPZVR20,
	author    = {Jianwen Li and
	Geguang Pu and
	Yueling Zhang and
	Moshe Y. Vardi and
	Kristin Y. Rozier},
	title     = {SAT-based explicit LTLf satisfiability checking},
	journal   = {Artif. Intell.},
	volume    = {289},
	pages     = {103369},
	year      = {2020}
}




@inproceedings{LeoniAD12,
	author    = {Massimiliano de Leoni and
	Wil M. P. van der Aalst and
	Boudewijn F. van Dongen},
	title     = {Data- and Resource-Aware Conformance Checking of Business Processes},
	booktitle = {Business Information Systems - 15th International Conference, {BIS}
	2012, Vilnius, Lithuania, May 21-23, 2012. Proceedings},
	series    = {Lecture Notes in Business Information Processing},
	volume    = {117},
	pages     = {48--59},
	publisher = {Springer},
	year      = {2012}
}




@inproceedings{LeoniA13,
	author    = {Massimiliano de Leoni and
	Wil M. P. van der Aalst},
	title     = {Aligning Event Logs and Process Models for Multi-perspective Conformance
	Checking: An Approach Based on Integer Linear Programming},
	booktitle = {Business Process Management - 11th International Conference, {BPM}
	2013, Beijing, China, August 26-30, 2013. Proceedings},
	series    = {Lecture Notes in Computer Science},
	volume    = {8094},
	pages     = {113--129},
	publisher = {Springer},
	year      = {2013}
}




@inproceedings{PetermannJMR14,
	author    = {Andr{\'{e}} Petermann and
	Martin Junghanns and
	Robert M{\"{u}}ller and
	Erhard Rahm},
	editor    = {Tilmann Rabl and
	Kai Sachs and
	Meikel Poess and
	Chaitanya K. Baru and
	Hans{-}Arno Jacobsen},
	title     = {FoodBroker - Generating Synthetic Datasets for Graph-Based Business
	Analytics},
	booktitle = {Big Data Benchmarking - 5th International Workshop, {WBDB} 2014, Potsdam,
	Germany, August 5-6, 2014, Revised Selected Papers},
	series    = {Lecture Notes in Computer Science},
	volume    = {8991},
	pages     = {145--155},
	publisher = {Springer},
	year      = {2014}
}





@inproceedings{AdriansyahDA10,
	author    = {Arya Adriansyah and
	Boudewijn F. van Dongen and
	Wil M. P. van der Aalst},
	title     = {Towards Robust Conformance Checking},
	booktitle = {Business Process Management Workshops - {BPM} 2010 International Workshops
	and Education Track, Hoboken, NJ, USA, September 13-15, 2010, Revised
	Selected Papers},
	series    = {Lecture Notes in Business Information Processing},
	volume    = {66},
	pages     = {122--133},
	publisher = {Springer},
	year      = {2010}
}



@InProceedings{10.1007/978-3-642-40176-3_8,
	author="Maggi, Fabrizio Maria
	and Dumas, Marlon
	and Garc{\'i}a-Ba{\~{n}}uelos, Luciano
	and Montali, Marco",
	editor="Daniel, Florian
	and Wang, Jianmin
	and Weber, Barbara",
	title="Discovering Data-Aware Declarative Process Models from Event Logs",
	booktitle="Business Process Management",
	year="2013",
	publisher="Springer Berlin Heidelberg",
	address="Berlin, Heidelberg",
	pages="81--96"
}




@inproceedings{GiacomoV13,
	author    = {Giuseppe De Giacomo and
	Moshe Y. Vardi},
	title     = {Linear Temporal Logic and Linear Dynamic Logic on Finite Traces},
	booktitle = {{IJCAI} 2013, Proceedings of the 23rd International Joint Conference
	on Artificial Intelligence, Beijing, China, August 3-9, 2013},
	pages     = {854--860},
	publisher = {{IJCAI/AAAI}},
	year      = {2013}
}


@inproceedings{Lydia,
	author = { Authors Anonymous},
    title = {Compositional Approach to Translate {LTL$_f$}/{LDL$_f$}into Deterministic Finite Automata},
    publisher = {AAAI [To Appear]},
    year = {2021}
}

@techreport{inttree,
	author={Bentley, J.L.},
	title={Solutions to {Klee}'s rectangle problems.},
	institution={Carnegie-Mellon Univ.},
	year={1977}}



@article{BurattinMS16,
	author    = {Andrea Burattin and
	Fabrizio Maria Maggi and
	Alessandro Sperduti},
	title     = {Conformance checking based on multi-perspective declarative process
	models},
	journal   = {Expert Syst. Appl.},
	volume    = {65},
	pages     = {194--211},
	year      = {2016}
}



@inproceedings{MaggiMB19,
	author    = {Fabrizio Maria Maggi and
	Marco Montali and
	Ubaier Bhat},
	title     = {Compliance Monitoring of Multi-Perspective Declarative Process Models},
	booktitle = {23rd {IEEE} International Enterprise Distributed Object Computing
	Conference, {EDOC} 2019, Paris, France, October 28-31, 2019},
	pages     = {151--160},
	publisher = {{IEEE}},
	year      = {2019}
}



@inproceedings{LenoDM18,
	author    = {Volodymyr Leno and
	Marlon Dumas and
	Fabrizio Maria Maggi},
	editor    = {Mathias Weske and
	Marco Montali and
	Ingo Weber and
	Jan vom Brocke},
	title     = {Correlating Activation and Target Conditions in Data-Aware Declarative
	Process Discovery},
	booktitle = {Business Process Management - 16th International Conference, {BPM}
	2018, Sydney, NSW, Australia, September 9-14, 2018, Proceedings},
	series    = {Lecture Notes in Computer Science},
	volume    = {11080},
	pages     = {176--193},
	publisher = {Springer},
	year      = {2018}
}



@inproceedings{SchonigCMM16,
	author    = {Stefan Sch{\"{o}}nig and
	Claudio Di Ciccio and
	Fabrizio Maria Maggi and
	Jan Mendling},
	editor    = {Quan Z. Sheng and
	Eleni Stroulia and
	Samir Tata and
	Sami Bhiri},
	title     = {Discovery of Multi-perspective Declarative Process Models},
	booktitle = {Service-Oriented Computing - 14th International Conference, {ICSOC}
	2016, Banff, AB, Canada, October 10-13, 2016, Proceedings},
	series    = {Lecture Notes in Computer Science},
	volume    = {9936},
	pages     = {87--103},
	publisher = {Springer},
	year      = {2016}
}

@inproceedings{GiacomoMM14,
	author    = {Giuseppe De Giacomo and
	Riccardo De Masellis and
	Marco Montali},
	editor    = {Carla E. Brodley and
	Peter Stone},
	title     = {Reasoning on {LTL} on Finite Traces: Insensitivity to Infiniteness},
	booktitle = {Proceedings of the Twenty-Eighth {AAAI} Conference on Artificial Intelligence,
	July 27 -31, 2014, Qu{\'{e}}bec City, Qu{\'{e}}bec, Canada},
	pages     = {1027--1033},
	publisher = {{AAAI} Press},
	year      = {2014}
}



@book{0016921,
	author    = {John E. Hopcroft and
	Rajeev Motwani and
	Jeffrey D. Ullman},
	title     = {Introduction to automata theory, languages, and computation, 3rd Edition},
	series    = {Pearson international edition},
	publisher = {Addison-Wesley},
	year      = {2007}
}

